<record><leader>00000cas a22000007a 4500</leader><controlfield tag="001">49680932</controlfield><controlfield tag="008">020427d18921uuuinuwr ne      0    0eng d</controlfield><controlfield tag="009">5452</controlfield><datafield ind1=" " ind2=" " tag="010"><subfield code="a">sn2002062412</subfield></datafield><datafield ind1=" " ind2=" " tag="040"><subfield code="a">NPI</subfield><subfield code="b">eng</subfield><subfield code="c">NPI</subfield></datafield><datafield ind1="1" ind2=" " tag="029"><subfield code="a">AU@</subfield><subfield code="b">000026091399</subfield></datafield><datafield ind1=" " ind2=" " tag="042"><subfield code="a">msc</subfield></datafield><datafield ind1=" " ind2=" " tag="043"><subfield code="a">n-us-in</subfield></datafield><datafield ind1="0" ind2=" " tag="130"><subfield code="a">Weekly post (Bethlehem, Ind.)</subfield></datafield><datafield ind1="0" ind2="4" tag="245"><subfield code="a">The weekly post.</subfield></datafield><datafield ind1=" " ind2=" " tag="260"><subfield code="a">Bethlehem, Ind. :</subfield><subfield code="b">John S. Smith,</subfield><subfield code="c">1892-</subfield></datafield><datafield ind1=" " ind2=" " tag="300"><subfield code="a">v.</subfield></datafield><datafield ind1=" " ind2=" " tag="310"><subfield code="a">Weekly</subfield></datafield><datafield ind1="0" ind2=" " tag="362"><subfield code="a">Vol. 1, no. 24 (June 30, 1892)-</subfield></datafield><datafield ind1=" " ind2="0" tag="651"><subfield code="a">Bethlehem (Ind.)</subfield><subfield code="v">Newspapers.</subfield></datafield><datafield ind1=" " ind2=" " tag="752"><subfield code="a">United States</subfield><subfield code="b">Indiana</subfield><subfield code="c">Clark</subfield><subfield code="d">Bethlehem.</subfield></datafield><datafield ind1="0" ind2="0" tag="780"><subfield code="t">Post (Bethlehem, Ind.)</subfield><subfield code="w">(DLC)sn 85048118</subfield></datafield></record>